% Main paper
@article{hansson1994logic,
	title={A logic for reasoning about time and reliability},
	author={Hansson, Hans and Jonsson, Bengt},
	journal={Formal aspects of computing},
	volume={6},
	pages={512--535},
	year={1994},
	publisher={Springer}
},


% CTL Verweise
@article{clarke1986automatic,
	title={Automatic verification of finite-state concurrent systems using temporal logic specifications},
	author={Clarke, Edmund M and Emerson, E Allen and Sistla, A Prasad},
	journal={ACM Transactions on Programming Languages and Systems (TOPLAS)},
	volume={8},
	number={2},
	pages={244--263},
	year={1986},
	publisher={ACM New York, NY, USA}
},
@book{baier2008principles,
	title={Principles of model checking},
	author={Baier, Christel and Katoen, Joost-Pieter},
	year={2008},
	publisher={MIT press}
},
@inproceedings{clarke1982design,
	title={Design and synthesis of synchronization skeletons using branching time temporal logic},
	author={Clarke, Edmund M and Emerson, E Allen},
	booktitle={Logics of Programs: Workshop, Yorktown Heights, New York, May 1981},
	pages={52--71},
	year={1982},
	organization={Springer}
},


% FO+Halbringsemantik
@article{dannert2019provenance,
	title={Provenance Analysis: A Perspective for Description Logics?},
	author={Dannert, Katrin M and Gr{\"a}del, Erich},
	journal={Description Logic, Theory Combination, and All That: Essays Dedicated to Franz Baader on the Occasion of His 60th Birthday},
	pages={266--285},
	year={2019},
	publisher={Springer}
},
@unpublished{gradel2022provenance,
	title={Provenance Analysis and Semiring Semantics for Logic and Games},
	author={Gr{\"a}del, Erich},
	url={https://logic.rwth-aachen.de/files/Provenance-SS22/script_provenance.pdf},
	year={2022}
},
@article{gradel2017semiring,
	title={Semiring provenance for first-order model checking},
	author={Gr{\"a}del, Erich and Tannen, Val},
	journal={arXiv preprint arXiv:1712.01980},
	year={2017}
},


% CTL+Halbringsemantik
@article{lluch2005quantitative,
	title={Quantitative $\mu$-calculus and CTL based on constraint semirings},
	author={Lluch-Lafuente, Alberto and Montanari, Ugo},
	journal={Electronic Notes in Theoretical Computer Science},
	volume={112},
	pages={37--59},
	year={2005},
	publisher={Elsevier}
}


% FO Syntax+Semantik verweise
@incollection{barwise1977introduction,
	title={An introduction to first-order logic},
	author={Barwise, Jon},
	booktitle={Studies in Logic and the Foundations of Mathematics},
	volume={90},
	pages={5--46},
	year={1977},
	publisher={Elsevier}
},
@book{ebbinghaus1994mathematical,
	title={Mathematical logic},
	author={Ebbinghaus, Heinz-Dieter and Flum, J{\"o}rg and Thomas, Wolfgang and Ferebee, Ann S},
	volume={1910},
	year={1994},
	publisher={Springer}
},


% Timed CTL Verweise
@inproceedings{alur1990model,
	title={Model-checking for real-time systems},
	author={Alur, Rajeev and Courcoubetis, Costas and Dill, David},
	booktitle={[1990] Proceedings. Fifth Annual IEEE Symposium on Logic in Computer Science},
	pages={414--425},
	year={1990},
	organization={IEEE}
},
@article{jahanian1986safety,
	title={Safety analysis of timing properties in real-time systems},
	author={Jahanian, Farnam and Mok, Aloysius Ka-Lau},
	journal={IEEE Transactions on software engineering},
	number={9},
	pages={890--904},
	year={1986},
	publisher={IEEE}
},
@inproceedings{emerson1991quantitative,
	title={Quantitative temporal reasoning},
	author={Emerson, E Allen and Mok, Aloysius K and Sistla, A Prasad and Srinivasan, Jai},
	booktitle={Computer-Aided Verification: 2nd International Conference, CAV'90 New Brunswick, NJ, USA, June 18--21, 1990 Proceedings 2},
	pages={136--145},
	year={1991},
	organization={Springer}
},


% Probabilistic CTL Verweise
@inproceedings{hart1984probabilistic,
	title={Probabilistic temporal logics for finite and bounded models},
	author={Hart, Sergiu and Sharir, Micha},
	booktitle={Proceedings of the sixteenth annual ACM symposium on Theory of computing},
	pages={1--13},
	year={1984}
},
@article{lehmann1982reasoning,
	title={Reasoning with time and chance},
	author={Lehmann, Daniel and Shelah, Saharon},
	journal={Information and Control},
	volume={53},
	number={3},
	pages={165--198},
	year={1982},
	publisher={Elsevier}
},
@inproceedings{christoff1992reasoning,
	title={Reasoning about safety and liveness properties for probabilistic processes},
	author={Christoff, Linda and Christoff, Ivan},
	booktitle={International Conference on Foundations of Software Technology and Theoretical Computer Science},
	pages={342--355},
	year={1992},
	organization={Springer}
},












